@article{agarwal2018cpsgd,
  author  = {Agarwal, Naman and Suresh, Ananda Theertha and Yu, Felix Xinnan X and Kumar, Sanjiv and McMahan, Brendan},
  journal = {Advances in Neural Information Processing Systems},
  title   = {cpSGD: Communication-efficient and differentially-private distributed SGD},
  volume  = {31},
  year    = {2018}
}

@article{aliasgari2012secure,
  author  = {Aliasgari, Mehrdad and Blanton, Marina and Zhang, Yihua and Steele, Aaron},
  journal = {Cryptology ePrint Archive},
  title   = {Secure computation on floating point numbers},
  year    = {2012}
}

@inproceedings{aly2019benchmarking,
  author       = {Aly, Abdelrahaman and Smart, Nigel P},
  booktitle    = {International Conference on Applied Cryptography and Network Security},
  organization = {Springer},
  pages        = {509--529},
  title        = {Benchmarking privacy preserving scientific operations},
  year         = {2019}
}

@misc{aly2021scale,
  author    = {Aly, Abdelrahaman and Cong, K and Cozzo, D and Keller, M and Orsini, E and Rotaru, D and Scherer, O and Scholl, P and Smart, N and Tanguy, T and others},
  publisher = {Accessed: May},
  title     = {Scale--mamba v1. 12: Documentation},
  year      = {2021}
}



@book{ascher2011first,
  author    = {Ascher, Uri M and Greif, Chen},
  publisher = {SIAM},
  title     = {A first course on numerical methods},
  year      = {2011}
}

@article{asharov2017more,
  author    = {Asharov, Gilad and Lindell, Yehuda and Schneider, Thomas and Zohner, Michael},
  journal   = {Journal of Cryptology},
  number    = {3},
  pages     = {805--858},
  publisher = {Springer},
  title     = {More efficient oblivious transfer extensions},
  volume    = {30},
  year      = {2017}
}

@article{asharov2018privacy,
  author  = {Asharov, Gilad and Halevi, Shai and Lindell, Yehuda and Rabin, Tal},
  journal = {Proceedings on Privacy Enhancing Technologies},
  number  = {4},
  pages   = {104--124},
  title   = {Privacy-Preserving Search of Similar Patients in Genomic Data},
  volume  = {2018},
  year    = {2018}
}

@book{athreya2006measure,
  author    = {Athreya, Krishna B and Lahiri, Soumendra N},
  publisher = {Springer},
  title     = {Measure theory and probability theory},
  volume    = {19},
  year      = {2006}
}

@inproceedings{balle2018improving,
  author       = {Balle, Borja and Wang, Yu-Xiang},
  booktitle    = {International Conference on Machine Learning},
  organization = {PMLR},
  pages        = {394--403},
  title        = {Improving the gaussian mechanism for differential privacy: Analytical calibration and optimal denoising},
  year         = {2018}
}


@article{barker2015recommendation,
  author  = {Barker, Elaine and Kelsey, John},
  journal = {NIST Special Publication},
  pages   = {90A},
  title   = {Recommendation for Random Number Generation Using Deterministic Random Bit Generators},
  volume  = {800},
  year    = {2015}
}

@inproceedings{beaver1990round,
  author    = {Beaver, Donald and Micali, Silvio and Rogaway, Phillip},
  booktitle = {Proceedings of the twenty-second annual ACM symposium on Theory of computing},
  pages     = {503--513},
  title     = {The round complexity of secure protocols},
  year      = {1990}
}

@inproceedings{beaver1991efficient,
  author       = {Beaver, Donald},
  booktitle    = {Annual International Cryptology Conference},
  organization = {Springer},
  pages        = {420--432},
  title        = {Efficient multiparty protocols using circuit randomization},
  year         = {1991}
}


@inproceedings{bellare2013efficient,
  author       = {Bellare, Mihir and Hoang, Viet Tung and Keelveedhi, Sriram and Rogaway, Phillip},
  booktitle    = {2013 IEEE Symposium on Security and Privacy},
  organization = {IEEE},
  pages        = {478--492},
  title        = {Efficient garbling from a fixed-key blockcipher},
  year         = {2013}
}

@inproceedings{bellare2013efficient,
  author       = {Bellare, Mihir and Hoang, Viet Tung and Keelveedhi, Sriram and Rogaway, Phillip},
  booktitle    = {2013 IEEE Symposium on Security and Privacy},
  organization = {IEEE},
  pages        = {478--492},
  title        = {Efficient garbling from a fixed-key blockcipher},
  year         = {2013}
}

@inproceedings{ben2016optimizing,
  author    = {Ben-Efraim, Aner and Lindell, Yehuda and Omri, Eran},
  booktitle = {Proceedings of the 2016 ACM SIGSAC Conference on Computer and Communications Security},
  pages     = {578--590},
  title     = {Optimizing semi-honest secure multiparty computation for the internet},
  year      = {2016}
}

@incollection{ben2019completeness,
  author    = {Ben-Or, Michael and Goldwasser, Shafi and Wigderson, Avi},
  booktitle = {Providing Sound Foundations for Cryptography: On the Work of Shafi Goldwasser and Silvio Micali},
  pages     = {351--371},
  title     = {Completeness theorems for non-cryptographic fault-tolerant distributed computation},
  year      = {2019}
}

@article{BerkelySoftFloat,
  author = {John Hauser},
  title  = {Berkeley SoftFloat},
  year   = {2018}
}

@article{boyar2008tight,
  author    = {Boyar, Joan and Peralta, Ren{\'e}},
  journal   = {Theoretical Computer Science},
  number    = {1-3},
  pages     = {223--246},
  publisher = {Elsevier},
  title     = {Tight bounds for the multiplicative complexity of symmetric functions},
  volume    = {396},
  year      = {2008}
}

@article{braun2022motion,
  author    = {Braun, Lennart and Demmler, Daniel and Schneider, Thomas and Tkachenko, Oleksandr},
  journal   = {ACM Transactions on Privacy and Security},
  number    = {2},
  pages     = {1--35},
  publisher = {ACM New York, NY},
  title     = {MOTION--A Framework for Mixed-Protocol Multi-Party Computation},
  volume    = {25},
  year      = {2022}
}

@inproceedings{bringmann2014internal,
  author       = {Bringmann, Karl and Kuhn, Fabian and Panagiotou, Konstantinos and Peter, Ueli and Thomas, Henning},
  booktitle    = {International Colloquium on Automata, Languages, and Programming},
  organization = {Springer},
  pages        = {247--258},
  title        = {Internal DLA: Efficient simulation of a physical growth model},
  year         = {2014}
}

@misc{bristol_fashion,
  author       = {Victor Arribas Abril and Pieter Maene and Nele Mertens and Danilo Sijacic and Nigel Smart},
  howpublished = {\url{https://homes.esat.kuleuven.be/~nsmart/MPC/}},
  title        = {'Bristol Fashion' {MPC} Circuits},
  year         = {2019}
}

@inproceedings{buscher2018hycc,
  author    = {B{\"u}scher, Niklas and Demmler, Daniel and Katzenbeisser, Stefan and Kretzmer, David and Schneider, Thomas},
  booktitle = {Proceedings of the 2018 ACM SIGSAC Conference on Computer and Communications Security},
  pages     = {847--861},
  title     = {HyCC: Compilation of hybrid protocols for practical secure computation},
  year      = {2018}
}

@inproceedings{byrd2020differentially,
  author    = {Byrd, David and Polychroniadou, Antigoni},
  booktitle = {Proceedings of the First ACM International Conference on AI in Finance},
  pages     = {1--9},
  title     = {Differentially private secure multi-party computation for federated learning in financial applications},
  year      = {2020}
}

@article{canonne2020discrete,
  author  = {Canonne, Cl{\'e}ment L and Kamath, Gautam and Steinke, Thomas},
  journal = {Advances in Neural Information Processing Systems},
  pages   = {15676--15688},
  title   = {The discrete gaussian for differential privacy},
  volume  = {33},
  year    = {2020}
}

@article{casella2004generalized,
  author    = {Casella, George and Robert, Christian P and Wells, Martin T},
  journal   = {Lecture Notes-Monograph Series},
  pages     = {342--347},
  publisher = {JSTOR},
  title     = {Generalized accept-reject sampling schemes},
  year      = {2004}
}

@inproceedings{catrina2010secure,
  author       = {Catrina, Octavian and Saxena, Amitabh},
  booktitle    = {International Conference on Financial Cryptography and Data Security},
  organization = {Springer},
  pages        = {35--50},
  title        = {Secure computation with fixed-point numbers},
  year         = {2010}
}

@inproceedings{chan2012privacy,
  author       = {Chan, T-H Hubert and Shi, Elaine and Song, Dawn},
  booktitle    = {International Conference on Financial Cryptography and Data Security},
  organization = {Springer},
  pages        = {200--214},
  title        = {Privacy-preserving stream aggregation with fault tolerance},
  year         = {2012}
}

@inproceedings{choi2012secure,
  author       = {Choi, Seung Geol and Hwang, Kyung-Wook and Katz, Jonathan and Malkin, Tal and Rubenstein, Dan},
  booktitle    = {Cryptographersâ€™ Track at the RSA Conference},
  organization = {Springer},
  pages        = {416--432},
  title        = {Secure multi-party computation of boolean circuits with applications to privacy in on-line marketplaces},
  year         = {2012}
}

@misc{clark_2015,
  author = {Clark, Jack},
  title  = {Why 2015 was a breakthrough year in artificial intelligence},
  url    = {https://www.bloomberg.com/news/articles/2015-12-08/why-2015-was-a-breakthrough-year-in-artificial-intelligence},
  year   = {2015}
}

@misc{Covington2019,
  author    = {Covington, Christian},
  publisher = {GitHub},
  title     = {Snapping Mechanism Notes},
  url       = {https://github.com/ctcovington/floating_point/blob/master/snapping_mechanism/notes/snapping_implementation_notes.pdf},
  year      = {2019}
}



@inproceedings{cramer2005share,
  author       = {Cramer, Ronald and Damg{\aa}rd, Ivan and Ishai, Yuval},
  booktitle    = {Theory of Cryptography Conference},
  organization = {Springer},
  pages        = {342--362},
  title        = {Share conversion, pseudorandom secret-sharing and applications to secure computation},
  year         = {2005}
}

@article{dalskov2020secure,
  author  = {Dalskov, Anders and Escudero, Daniel and Keller, Marcel},
  journal = {Proceedings on Privacy Enhancing Technologies},
  number  = {4},
  pages   = {355--375},
  title   = {Secure evaluation of quantized neural networks},
  volume  = {2020},
  year    = {2020}
}

@inproceedings{demmler2015aby,
  author    = {Demmler, Daniel and Schneider, Thomas and Zohner, Michael},
  booktitle = {NDSS},
  title     = {ABY-A framework for efficient mixed-protocol secure two-party computation.},
  year      = {2015}
}

@inproceedings{dinur2003revealing,
  author    = {Dinur, Irit and Nissim, Kobbi},
  booktitle = {Proceedings of the twenty-second ACM SIGMOD-SIGACT-SIGART symposium on Principles of database systems},
  pages     = {202--210},
  title     = {Revealing information while preserving privacy},
  year      = {2003}
}


@inproceedings{dwork2006calibrating,
  author       = {Dwork, Cynthia and McSherry, Frank and Nissim, Kobbi and Smith, Adam},
  booktitle    = {Theory of cryptography conference},
  organization = {Springer},
  pages        = {265--284},
  title        = {Calibrating noise to sensitivity in private data analysis},
  year         = {2006}
}

@inproceedings{dwork2006differential,
  author       = {Dwork, Cynthia},
  booktitle    = {International Colloquium on Automata, Languages, and Programming},
  organization = {Springer},
  pages        = {1--12},
  title        = {Differential privacy},
  year         = {2006}
}

@inproceedings{dwork2006our,
  author       = {Dwork, Cynthia and Kenthapadi, Krishnaram and McSherry, Frank and Mironov, Ilya and Naor, Moni},
  booktitle    = {Annual International Conference on the Theory and Applications of Cryptographic Techniques},
  organization = {Springer},
  pages        = {486--503},
  title        = {Our data, ourselves: Privacy via distributed noise generation},
  year         = {2006}
}

@article{dwork2014algorithmic,
  author    = {Dwork, Cynthia and Roth, Aaron and others},
  journal   = {Foundations and Trends{\textregistered} in Theoretical Computer Science},
  number    = {3--4},
  pages     = {211--407},
  publisher = {Now Publishers, Inc.},
  title     = {The algorithmic foundations of differential privacy},
  volume    = {9},
  year      = {2014}
}


@inproceedings{eigner2014differentially,
  author    = {Eigner, Fabienne and Kate, Aniket and Maffei, Matteo and Pampaloni, Francesca and Pryvalov, Ivan},
  booktitle = {Proceedings of the 30th Annual Computer Security Applications Conference},
  pages     = {316--325},
  title     = {Differentially private data aggregation with optimal utility},
  year      = {2014}
}

@inproceedings{eriguchi2021efficient,
  author       = {Eriguchi, Reo and Ichikawa, Atsunori and Kunihiro, Noboru and Nuida, Koji},
  booktitle    = {International Conference on Financial Cryptography and Data Security},
  organization = {Springer},
  pages        = {271--290},
  title        = {Efficient Noise Generation to Achieve Differential Privacy with Applications to Secure Multiparty Computation},
  year         = {2021}
}

@inproceedings{escudero2020improved,
  author       = {Escudero, Daniel and Ghosh, Satrajit and Keller, Marcel and Rachuri, Rahul and Scholl, Peter},
  booktitle    = {Annual International Cryptology Conference},
  organization = {Springer},
  pages        = {823--852},
  title        = {Improved primitives for MPC over mixed arithmetic-binary circuits},
  year         = {2020}
}

@article{evans2017pragmatic,
  author  = {Evans, David and Kolesnikov, Vladimir and Rosulek, Mike},
  journal = {Foundations and Trends{\textregistered} in Privacy and Security},
  number  = {2-3},
  title   = {A pragmatic introduction to secure multi-party computation},
  volume  = {2},
  year    = {2017}
}

@article{even1985randomized,
  author    = {Even, Shimon and Goldreich, Oded and Lempel, Abraham},
  journal   = {Communications of the ACM},
  number    = {6},
  pages     = {637--647},
  publisher = {ACM New York, NY, USA},
  title     = {A randomized protocol for signing contracts},
  volume    = {28},
  year      = {1985}
}

@article{gazeau2016preserving,
  author    = {Gazeau, Ivan and Miller, Dale and Palamidessi, Catuscia},
  journal   = {Theoretical Computer Science},
  pages     = {92--108},
  publisher = {Elsevier},
  title     = {Preserving differential privacy under finite-precision semantics},
  volume    = {655},
  year      = {2016}
}


@misc{George2017,
  author    = {George, Joseph and Sisco, Marissa},
  publisher = {GitHub},
  title     = {Snapping Mechanism Implementation in Rust},
  url       = {https://github.com/lvoid/DP-Snapping-Mech},
  year      = {2017}
}

@article{ghosh2012universally,
  author    = {Ghosh, Arpita and Roughgarden, Tim and Sundararajan, Mukund},
  journal   = {SIAM Journal on Computing},
  number    = {6},
  pages     = {1673--1693},
  publisher = {SIAM},
  title     = {Universally utility-maximizing privacy mechanisms},
  volume    = {41},
  year      = {2012}
}

@incollection{goldreich2019play,
  author    = {Goldreich, Oded and Micali, Silvio and Wigderson, Avi},
  booktitle = {Providing Sound Foundations for Cryptography: On the Work of Shafi Goldwasser and Silvio Micali},
  pages     = {307--328},
  title     = {How to play any mental game, or a completeness theorem for protocols with honest majority},
  year      = {2019}
}



@misc{googleDP2019,
  author    = {Google Differential Privacy Team},
  publisher = {GitHub},
  title     = {Secure Noise Generation},
  url       = {https://github.com/google/differential-privacy/blob/main/common_docs/Secure_Noise_Generation.pdf},
  year      = {2020}
}


@misc{googleDP2019GitHub,
  author    = {Google Differential Privacy Team},
  publisher = {GitHub},
  title     = {Google's differential privacy libraries},
  url       = {https://github.com/google/differential-privacy},
  year      = {2020}
}


@book{hart1978computer,
  author    = {Hart, John F},
  publisher = {Krieger Publishing Co., Inc.},
  title     = {Computer approximations},
  year      = {1978}
}


@article{IEEE754_2019,
  author  = {},
  doi     = {10.1109/IEEESTD.2019.8766229},
  journal = {IEEE Std 754-2019 (Revision of IEEE 754-2008)},
  number  = {},
  pages   = {1-84},
  title   = {IEEE Standard for Floating-Point Arithmetic},
  volume  = {},
  year    = {2019}
}

@inproceedings{impagliazzo1989limits,
  author    = {Impagliazzo, Russell and Rudich, Steven},
  booktitle = {Proceedings of the twenty-first annual ACM symposium on Theory of computing},
  pages     = {44--61},
  title     = {Limits on the provable consequences of one-way permutations},
  year      = {1989}
}

@inproceedings{ishai2003extending,
  author       = {Ishai, Yuval and Kilian, Joe and Nissim, Kobbi and Petrank, Erez},
  booktitle    = {Annual International Cryptology Conference},
  organization = {Springer},
  pages        = {145--161},
  title        = {Extending oblivious transfers efficiently},
  year         = {2003}
}

@inproceedings{jarvinen2019pilot,
  author       = {J{\"a}rvinen, Kimmo and Lepp{\"a}koski, Helena and Lohan, Elena-Simona and Richter, Philipp and Schneider, Thomas and Tkachenko, Oleksandr and Yang, Zheng},
  booktitle    = {2019 IEEE European Symposium on Security and Privacy (EuroS\&P)},
  organization = {IEEE},
  pages        = {448--463},
  title        = {PILOT: Practical privacy-preserving indoor localization using outsourcing},
  year         = {2019}
}


@inproceedings{kamara2011secure,
  author    = {Kamara, Seny and Raykova, Mariana},
  booktitle = {IBM Workshop on Cryptography and Security in Clouds},
  pages     = {15--16},
  title     = {Secure outsourced computation in a multi-tenant cloud},
  year      = {2011}
}


@misc{KamathLec3AlgorithmsrivateDataAnalysis,
  author = {Kamath, Gautam},
  title  = {Lecture 3 - Intro to Differential Privacy},
  year   = {2020}
}

@article{knott2021crypten,
  author  = {Knott, Brian and Venkataraman, Shobha and Hannun, Awni and Sengupta, Shubho and Ibrahim, Mark and van der Maaten, Laurens},
  journal = {Advances in Neural Information Processing Systems},
  pages   = {4961--4973},
  title   = {Crypten: Secure multi-party computation meets machine learning},
  volume  = {34},
  year    = {2021}
}

@book{knuth2014art,
  author    = {Knuth, Donald E},
  publisher = {Addison-Wesley Professional},
  title     = {Art of computer programming, volume 2: Seminumerical algorithms},
  year      = {2014}
}
@inproceedings{kolesnikov2008improved,
  author       = {Kolesnikov, Vladimir and Schneider, Thomas},
  booktitle    = {International Colloquium on Automata, Languages, and Programming},
  organization = {Springer},
  pages        = {486--498},
  title        = {Improved garbled circuit: Free XOR gates and applications},
  year         = {2008}
}
@article{kullback1951information,
  author    = {Kullback, Solomon and Leibler, Richard A},
  journal   = {The annals of mathematical statistics},
  number    = {1},
  pages     = {79--86},
  publisher = {JSTOR},
  title     = {On information and sufficiency},
  volume    = {22},
  year      = {1951}
}
@inproceedings{li2007t,
  author       = {Li, Ninghui and Li, Tiancheng and Venkatasubramanian, Suresh},
  booktitle    = {2007 IEEE 23rd International Conference on Data Engineering},
  organization = {IEEE},
  pages        = {106--115},
  title        = {t-closeness: Privacy beyond k-anonymity and l-diversity},
  year         = {2007}
}

@article{li2009closeness,
  author    = {Li, Ninghui and Li, Tiancheng and Venkatasubramanian, Suresh},
  journal   = {IEEE Transactions on Knowledge and Data Engineering},
  number    = {7},
  pages     = {943--956},
  publisher = {IEEE},
  title     = {Closeness: A new privacy measure for data publishing},
  volume    = {22},
  year      = {2009}
}

@article{lindell2009proof,
  author    = {Lindell, Yehuda and Pinkas, Benny},
  journal   = {Journal of cryptology},
  number    = {2},
  pages     = {161--188},
  publisher = {Springer},
  title     = {A proof of security of Yao's protocol for two-party computation},
  volume    = {22},
  year      = {2009}
}

@article{machanavajjhala2007diversity,
  author    = {Machanavajjhala, Ashwin and Kifer, Daniel and Gehrke, Johannes and Venkitasubramaniam, Muthuramakrishnan},
  journal   = {ACM Transactions on Knowledge Discovery from Data (TKDD)},
  number    = {1},
  pages     = {3--es},
  publisher = {ACM New York, NY, USA},
  title     = {l-diversity: Privacy beyond k-anonymity},
  volume    = {1},
  year      = {2007}
}

@inproceedings{makri2021rabbit,
  author    = {Makri, Eleftheria and Rotaru, Dragos and Vercauteren, Frederik and Wagh, Sameer},
  booktitle = {Financial Cryptography and Data Security: 25th International Conference, FC 2021, Virtual Event, March 1--5, 2021, Revised Selected Papers, Part I},
  pages     = {249--270},
  title     = {Rabbit: Efficient Comparison for Secure Multi-Party Computation},
  year      = {2021}
}

@inproceedings{markstein2004software,
  author    = {Markstein, Peter},
  booktitle = {Proceedings of the 6th Conference on Real Numbers and Computers (RNCâ€™6)},
  pages     = {146--157},
  title     = {Software division and square root using Goldschmidtâ€™s algorithms},
  volume    = {123},
  year      = {2004}
}

@inproceedings{mironov2009computational,
  author       = {Mironov, Ilya and Pandey, Omkant and Reingold, Omer and Vadhan, Salil},
  booktitle    = {Annual International Cryptology Conference},
  organization = {Springer},
  pages        = {126--142},
  title        = {Computational differential privacy},
  year         = {2009}
}

@inproceedings{mironov2012significance,
  author    = {Mironov, Ilya},
  booktitle = {Proceedings of the 2012 ACM conference on Computer and communications security},
  pages     = {650--661},
  title     = {On significance of the least significant bits for differential privacy},
  year      = {2012}
}



@article{mohassel2020practical,
  author  = {Mohassel, Payman and Rosulek, Mike and Trieu, Ni},
  journal = {Proceedings on Privacy Enhancing Technologies},
  number  = {4},
  pages   = {414--433},
  title   = {Practical Privacy-Preserving K-means Clustering},
  volume  = {2020},
  year    = {2020}
}
@inproceedings{naor1999privacy,
  author    = {Naor, Moni and Pinkas, Benny and Sumner, Reuban},
  booktitle = {Proceedings of the 1st ACM Conference on Electronic Commerce},
  pages     = {129--139},
  title     = {Privacy preserving auctions and mechanism design},
  year      = {1999}
}
@misc{NISTRandomNumber2015,
  author    = {Elaine Barker and John Kelsey},
  doi       = {https://doi.org/10.6028/NIST.SP.800-90Ar1},
  language  = {en},
  month     = {2015-06-24},
  publisher = {Special Publication (NIST SP), National Institute of Standards and Technology, Gaithersburg, MD},
  title     = {Recommendation for Random Number Generation Using Deterministic Random Bit Generators},
  year      = {2015}
}

@book{oded2006foundations,
  author    = {Oded (weizmann Institute Of Science Goldreich (Israel))},
  publisher = {Cambridge University Press},
  title     = {Foundations of Cryptography: Volume 1, Basic Tools},
  year      = {2006}
}

@book{patel1996handbook,
  author    = {Patel, Jagdish K and Read, Campbell B},
  pages     = {28--29},
  publisher = {CRC Press},
  title     = {Handbook of the normal distribution},
  volume    = {150},
  year      = {1996}
}


 @inproceedings{pettai2015combining,
  author    = {Pettai, Martin and Laud, Peeter},
  booktitle = {Proceedings of the 31st Annual Computer Security Applications Conference},
  pages     = {421--430},
  title     = {Combining differential privacy and secure multiparty computation},
  year      = {2015}
} 

@article{rabin2005exchange,
  author  = {Rabin, Michael O},
  journal = {Cryptology ePrint Archive},
  title   = {How to exchange secrets with oblivious transfer},
  year    = {2005}
}


@inproceedings{rastogi2010differentially,
  author    = {Rastogi, Vibhor and Nath, Suman},
  booktitle = {Proceedings of the 2010 ACM SIGMOD International Conference on Management of data},
  pages     = {735--746},
  title     = {Differentially private aggregation of distributed time-series with transformation and encryption},
  year      = {2010}
}

@article{rathee2022secfloat,
  author  = {Rathee, Deevashwer and Bhattacharya, Anwesh and Sharma, Rahul and Gupta, Divya and Chandran, Nishanth and Rastogi, Aseem},
  journal = {Cryptology ePrint Archive},
  title   = {SecFloat: Accurate Floating-Point meets Secure 2-Party Computation},
  year    = {2022}
}


@article{rivest1978method,
  author    = {Rivest, Ronald L and Shamir, Adi and Adleman, Leonard},
  journal   = {Communications of the ACM},
  number    = {2},
  pages     = {120--126},
  publisher = {ACM New York, NY, USA},
  title     = {A method for obtaining digital signatures and public-key cryptosystems},
  volume    = {21},
  year      = {1978}
}


@inproceedings{rosulek2021three,
  author       = {Rosulek, Mike and Roy, Lawrence},
  booktitle    = {Annual International Cryptology Conference},
  organization = {Springer},
  pages        = {94--124},
  title        = {Three halves make a whole? beating the half-gates lower bound for garbled circuits},
  year         = {2021}
}


@article{rubner2000earth,
  author    = {Rubner, Yossi and Tomasi, Carlo and Guibas, Leonidas J},
  journal   = {International journal of computer vision},
  number    = {2},
  pages     = {99--121},
  publisher = {Springer},
  title     = {The earth mover's distance as a metric for image retrieval},
  volume    = {40},
  year      = {2000}
}

@article{samarati1998protecting,
  author    = {Samarati, Pierangela and Sweeney, Latanya},
  publisher = {technical report, SRI International},
  title     = {Protecting privacy when disclosing information: k-anonymity and its enforcement through generalization and suppression},
  year      = {1998}
}

@inproceedings{schneider2013gmw,
  author       = {Schneider, Thomas and Zohner, Michael},
  booktitle    = {International Conference on Financial Cryptography and Data Security},
  organization = {Springer},
  pages        = {275--292},
  title        = {GMW vs. Yao? Efficient secure two-party computation with low depth circuits},
  year         = {2013}
}
@inproceedings{schneider2019episode,
  author    = {Schneider, Thomas and Tkachenko, Oleksandr},
  booktitle = {Proceedings of the 2019 ACM Asia Conference on Computer and Communications Security},
  pages     = {315--327},
  title     = {EPISODE: efficient privacy-preserving similar sequence queries on outsourced genomic databases},
  year      = {2019}
}
@inproceedings{SecurelyRealizingOutputPrivacyinMPC2022,
  author    = {Zhao, Liang},
  publisher = {GitHub},
  title     = {Securely Realizing Output Privacy in MPC},
  url       = {https://github.com/liangzhao-darmstadt/MOTION},
  year      = {2022}
}
@inproceedings{shokri2017membership,
  author       = {Shokri, Reza and Stronati, Marco and Song, Congzheng and Shmatikov, Vitaly},
  booktitle    = {2017 IEEE Symposium on Security and Privacy (SP)},
  organization = {IEEE},
  pages        = {3--18},
  title        = {Membership inference attacks against machine learning models},
  year         = {2017}
}

@misc{simpleexplanDP,
  author = {Zumel, Nina},
  month  = {Oct},
  title  = {A Simpler Explanation of Differential Privacy},
  url    = {https://win-vector.com/2015/10/02/a-simpler-explanation-of-differential-privacy/},
  year   = {2015}
}
@misc{steele1987non,
  author    = {Steele, J Michael},
  publisher = {Society for Industrial and Applied Mathematics},
  title     = {Non-Uniform Random Variate Generation (Luc Devroye)},
  year      = {1987}
}

@article{sweeney1997weaving,
  author    = {Sweeney, Latanya},
  journal   = {The Journal of Law, Medicine \& Ethics},
  number    = {2-3},
  pages     = {98--110},
  publisher = {SAGE Publications Sage CA: Los Angeles, CA},
  title     = {Weaving technology and policy together to maintain confidentiality},
  volume    = {25},
  year      = {1997}
}

@misc{USCensus2020,
  author = {United States Census 2020},
  title  = {Understanding the April 2021 Demonstration Data},
  year   = {2020}
} 

@incollection{vadhan2017complexity,
  author    = {Vadhan, Salil},
  booktitle = {Tutorials on the Foundations of Cryptography},
  pages     = {347--450},
  publisher = {Springer},
  title     = {The complexity of differential privacy},
  year      = {2017}
}

@article{voigt2017eu,
  author    = {Voigt, Paul and Von dem Bussche, Axel},
  journal   = {A Practical Guide, 1st Ed., Cham: Springer International Publishing},
  number    = {3152676},
  pages     = {10--5555},
  publisher = {Springer},
  title     = {The eu general data protection regulation (gdpr)},
  volume    = {10},
  year      = {2017}
}
@article{walker1974fast,
  author    = {Walker, Alastair J},
  journal   = {Electronics Letters},
  number    = {25},
  pages     = {533--534},
  publisher = {IET},
  title     = {Fast generation of uniformly distributed pseudorandom numbers with floating-point representation},
  volume    = {10},
  year      = {1974}
}

@misc{whitney_1997,
  author    = {Whitney, Craig R.},
  journal   = {The New York Times},
  month     = {Aug},
  publisher = {The New York Times},
  title     = {Jeanne Calment, World's Elder, Dies at 122},
  url       = {https://www.nytimes.com/1997/08/05/world/jeanne-calment-world-s-elder-dies-at-122.html},
  year      = {1997}
}


@inproceedings{wu2016inherit,
  author       = {Wu, Genqiang and He, Yeping and Wu, Jingzheng and Xia, Xianyao},
  booktitle    = {2016 IEEE Trustcom/BigDataSE/ISPA},
  organization = {IEEE},
  pages        = {921--928},
  title        = {Inherit differential privacy in distributed setting: Multiparty randomized function computation},
  year         = {2016}
}

@inproceedings{yao1986generate,
  author       = {Yao, Andrew Chi-Chih},
  booktitle    = {27th Annual Symposium on Foundations of Computer Science (sfcs 1986)},
  organization = {IEEE},
  pages        = {162--167},
  title        = {How to generate and exchange secrets},
  year         = {1986}
}

@inproceedings{zahur2015two,
  author       = {Zahur, Samee and Rosulek, Mike and Evans, David},
  booktitle    = {Annual International Conference on the Theory and Applications of Cryptographic Techniques},
  organization = {Springer},
  pages        = {220--250},
  title        = {Two halves make a whole},
  year         = {2015}
}

@phdthesis{zohner2017faster,
  author = {Zohner, Michael},
  school = {Dissertation, Darmstadt, Technische Universit{\"a}t Darmstadt, 2016},
  title  = {Faster Oblivious Transfer Extension and Its Impact on Secure Computation},
  year   = {2017}
}
